@mastersthesis{Andreas_thesis,
	author    = "Andreas S{{\o{}}}gaard",
	title     = "Boosted Bosons And Wavelets",
	school    = "Niels Bohr Institute, University of Copenhagen",
	year      = "2015",
}

@unpublished{PeterHansen,
	title="{Particle detectors and accelerators}",
	author="{Peter Hansen}",
	year="{2015}",
	note="Lecture notes from course of same name"
}

@techreport{ATL-PHYS-PUB-2015-023,
	author        = "{ATLAS Collaboration}",
	title         = "{Expected performance of missing transverse momentum
	reconstruction for the ATLAS detector at $\sqrt{s}=
	13~\text{TeV}$}",
	institution   = "CERN",
	address       = "Geneva",
	number        = "ATL-PHYS-PUB-2015-023",
	month         = "Jul",
	year          = "2015",
	reportNumber  = "ATL-PHYS-PUB-2015-023",
	url           = "https://cds.cern.ch/record/2037700",
}

@book{thomson2013modern,
	title="{Modern Particle Physics}",
	author="{Thomson, M.}",
	isbn="{9781107034266}",
	year="{2013}",
	publisher="{Cambridge University Press}"
}

@article{PDG,
	author         = "Olive, K. A. and others",
	title          = "{Review of Particle Physics}",
	collaboration  = "Particle Data Group",
	journal        = "Chin. Phys.",
	volume         = "C38",
	year           = "2014",
	pages          = "090001",
	doi            = "10.1088/1674-1137/38/9/090001",
	SLACcitation   = "%%CITATION = CHPHD,C38,090001;%%"
}

@ARTICLE{RooFit,
	author = {{Verkerke}, W. and {Kirkby}, D.},
	title = "{The RooFit toolkit for data modeling}",
	journal = {ArXiv Physics e-prints},
	eprint = {physics/0306116},
	keywords = {Physics - Data Analysis, Statistics and Probability},
	year = 2003,
	month = jun,
	adsurl = {http://adsabs.harvard.edu/abs/2003physics...6116V},
	adsnote = {Provided by the SAO/NASA Astrophysics Data System}
}

@article{Cacciari:2011ma,
	author         = "Cacciari, Matteo and Salam, Gavin P. and Soyez, Gregory",
	title          = "{FastJet User Manual}",
	journal        = "Eur. Phys. J.",
	volume         = "C72",
	year           = "2012",
	pages          = "1896",
	doi            = "10.1140/epjc/s10052-012-1896-2",
	eprint         = "1111.6097",
	archivePrefix  = "arXiv",
	primaryClass   = "hep-ph",
	reportNumber   = "CERN-PH-TH-2011-297",
	SLACcitation   = "%%CITATION = ARXIV:1111.6097;%%"
}

@misc{Feynman_drawings,
	author = "The DZero Experiment",
	title = "Useful Diagrams of Top Signals and Backgrounds",
	year = "2011",
	url = "http://www-d0.fnal.gov/Run2Physics/top/top_public_web_pages/top_feynman_diagrams.html",
	note = "[Online; accessed 29-September-2016]"
}

@misc{wiki:StandardModel2,
	author = "Wikipedia",
	title = "Elementary particle interactions",
	year = "2007",
	url = "https://commons.wikimedia.org/w/index.php?title=File:Elementary_particle_interactions.svg&oldid=201507070",
	note = "[Online; accessed 29-September-2016]"
}

@misc{perigee_pars,
	author = "Noel Dawe",
	title = "tikz-track",
	year = "2016",
	url = "https://github.com/ndawe/tikz-track",
	note = "[Online; accessed 07-October-2016]"
}

@article{Coccaro:2011np,
	author         = "Coccaro, Andrea",
	title          = "{Track Reconstruction and b-Jet Identification for the
	ATLAS Trigger System}",
	booktitle      = "{Proceedings, 14th International Workshop on Advanced
	Computing and Analysis Techniques in Physics Research
	(ACAT 2011): Uxbridge, UK, September 5-9, 2011}",
	journal        = "J. Phys. Conf. Ser.",
	volume         = "368",
	year           = "2012",
	pages          = "012034",
	doi            = "10.1088/1742-6596/368/1/012034",
	eprint         = "1112.0180",
	archivePrefix  = "arXiv",
	primaryClass   = "hep-ex",
	SLACcitation   = "%%CITATION = ARXIV:1112.0180;%%"
}

@article{EMclusters2,
	author         = "Aad, Georges and others",
	title          = "{Electron and photon energy calibration with the ATLAS
	detector using LHC Run 1 data}",
	collaboration  = "ATLAS",
	journal        = "Eur. Phys. J.",
	volume         = "C74",
	year           = "2014",
	number         = "10",
	pages          = "3071",
	doi            = "10.1140/epjc/s10052-014-3071-4",
	eprint         = "1407.5063",
	archivePrefix  = "arXiv",
	primaryClass   = "hep-ex",
	reportNumber   = "CERN-PH-EP-2014-153",
	SLACcitation   = "%%CITATION = ARXIV:1407.5063;%%"
}

@article{Topoclusters,
	author         = "Aad, Georges and others",
	title          = "{Jet energy measurement with the ATLAS detector in
	proton-proton collisions at $\sqrt{s}=7$ TeV}",
	collaboration  = "ATLAS",
	journal        = "Eur. Phys. J.",
	volume         = "C73",
	year           = "2013",
	number         = "3",
	pages          = "2304",
	doi            = "10.1140/epjc/s10052-013-2304-2",
	eprint         = "1112.6426",
	archivePrefix  = "arXiv",
	primaryClass   = "hep-ex",
	reportNumber   = "CERN-PH-EP-2011-191",
	SLACcitation   = "%%CITATION = ARXIV:1112.6426;%%"
}

@techreport{ATL-PHYS-PUB-2016-015,
	title         = "{Electron and photon energy calibration with the ATLAS
	detector using data collected in 2015 at $\sqrt{s} = 13
	\mathrm{\ Te\kern -0.1em V}$}",
	institution   = "CERN",
	author        = "{ATLAS Collaboration}",
	collaboration = "ATLAS Collaboration",
	address       = "Geneva",
	number        = "ATL-PHYS-PUB-2016-015",
	month         = "Aug",
	year          = "2016",
	reportNumber  = "ATL-PHYS-PUB-2016-015",
	url           = "https://cds.cern.ch/record/2203514",
}

@inproceedings{deBoer:2013pud,
	author         = "de Boer, Wim",
	title          = "{The Discovery of the Higgs Boson with the CMS Detector
	and its Implications for Supersymmetry and Cosmology}",
	booktitle      = "{Time and Matter 2013 (TAM2013) Venice, Italy}",
	collaboration  = "CMS",
	url            = "https://inspirehep.net/record/1252561/files/arXiv:1309.0721.pdf",
	year           = "2013",
	eprint         = "1309.0721",
	archivePrefix  = "arXiv",
	primaryClass   = "hep-ph",
	SLACcitation   = "%%CITATION = ARXIV:1309.0721;%%"
}

@misc{wiki:Breit_Wigner,
	author = "Wikipedia",
	title = "Breit-Wigner",
	year = "2006",
	url = "https://commons.wikimedia.org/w/index.php?title=File:Breit-Wigner.svg&oldid=178019923",
	note = "[Online; accessed 06-October-2016]"
}

@misc{wiki:StandardModel,
	author = "Wikipedia",
	title = "Standard Model of Elementary Particles",
	year = "2006",
	url = "https://commons.wikimedia.org/w/index.php?title=File:Standard_Model_of_Elementary_Particles.svg&oldid=199310538",
	note = "[Online; accessed 24-August-2016]"
}

@article{Lippmann:2011bb,
	author         = "Lippmann, Christian",
	title          = "{Particle identification}",
	journal        = "Nucl. Instrum. Meth.",
	volume         = "A666",
	year           = "2012",
	pages          = "148-172",
	doi            = "10.1016/j.nima.2011.03.009",
	eprint         = "1101.3276",
	archivePrefix  = "arXiv",
	primaryClass   = "hep-ex",
	SLACcitation   = "%%CITATION = ARXIV:1101.3276;%%"
}

@misc{PDF:MSTW,
	author = "G. Watt",
	title = "{MSTW 2008 LO PDFs}",
	year = "2008",
	url = "https://mstwpdf.hepforge.org/plots/plots.html",
	note = "[Online; accessed 14-September-2016]"
}

@misc{LHC_energies,
	title = "{LHC Machine Outreach}",
	url = "https://lhc-machine-outreach.web.cern.ch/lhc-machine-outreach/lhc-machine-outreach-faq.htm",
	note = "[Online; accessed 07-October-2016]"
}

@misc{LHC:AcceleratorComplex,
	author = "CERN and Antonio Saba and Peter Ginter",
	title = "{CERN Accelerator Complex}",
	year = "2008",
	url = "https://bigscience.web.cern.ch/bigscience/en/lhc/lhc2.html",
	note = "[Online; accessed 24-August-2016]"
}

@article{TheATLASExperiment,
	author         = "Aad, G. and others",
	title          = "{The ATLAS Experiment at the CERN Large Hadron Collider}",
	collaboration  = "ATLAS",
	journal        = "JINST",
	volume         = "3",
	year           = "2008",
	pages          = "S08003",
	doi            = "10.1088/1748-0221/3/08/S08003",
	SLACcitation   = "%%CITATION = JINST,3,S08003;%%"
}

@Article{Hocker:2007ht, 
	author	=	"Hoecker, Andreas and Speckmayer, Peter and Stelzer, Joerg and Therhaag, Jan and von Toerne, Eckhard and Voss, Helge",
	title	 = 	"{TMVA: Toolkit for Multivariate Data Analysis}",
	journal	 = 	"PoS",
	volume	 = 	"ACAT",
	year	 = 	"2007",
	pages	 = 	"040",
	eprint	 = 	"physics/0703039",
	archivePrefix	 = 	"arXiv",
	SLACcitation	 = 	"%%CITATION = PHYSICS/0703039;%%"
}

@techreport{ATL-PHYS-PUB-2011-006,
	author        = "{ATLAS Collaboration}",
	title         = "{Expected electron performance in the ATLAS experiment}",
	institution   = "CERN",
	address       = "Geneva",
	number        = "ATL-PHYS-PUB-2011-006",
	month         = "Apr",
	year          = "2011",
	reportNumber  = "ATL-PHYS-PUB-2011-006",
	url           = "https://cds.cern.ch/record/1345327",
}

@article{MuonRecon,
	author        = "{ATLAS Collaboration}",
	title         = "{Muon reconstruction performance of the ATLAS detector in
	proton--proton collision data at $\sqrt{s}$=13 TeV}",
	journal       = "Eur. Phys. J. C",
	collaboration = "ATLAS Collaboration",
	number        = "arXiv:1603.05598. CERN-EP-2016-033",
	volume        = "76",
	pages         = "292. 45 p",
	month         = "Mar",
	year          = "2016",
	reportNumber  = "arXiv:1603.05598",
	url           = "https://cds.cern.ch/record/2139897",
}

@article{dEnterria:2010mg,
	author         = "d'Enterria, David",
	title          = "{Physics at the LHC: A Short overview}",
	booktitle      = "{Proceedings, Workshop for Young Scientists on the
	Physics of Ultrarelativistic Nucleus-Nucleus Collisions
	(Hot Quarks 2010): La Londe-les-Maures, France, June
	21-26, 2010}",
	journal        = "J. Phys. Conf. Ser.",
	volume         = "270",
	year           = "2011",
	pages          = "012001",
	doi            = "10.1088/1742-6596/270/1/012001",
	eprint         = "1010.1491",
	archivePrefix  = "arXiv",
	primaryClass   = "hep-ex",
	SLACcitation   = "%%CITATION = ARXIV:1010.1491;%%"
}

@techreport{ATL-PHYS-PUB-2015-033,
	author        = "{ATLAS Collaboration}",
	title         = "{Identification of boosted, hadronically-decaying $W$ and
	$Z$ bosons in $\sqrt{s} = 13$ TeV Monte Carlo Simulations
	for ATLAS}",
	institution   = "CERN",
	address       = "Geneva",
	number        = "ATL-PHYS-PUB-2015-033",
	month         = "Aug",
	year          = "2015",
	reportNumber  = "ATL-PHYS-PUB-2015-033",
	url           = "https://cds.cern.ch/record/2041461",
}

@techreport{ATLAS-CONF-2013-086,
	author        = "{ATLAS Collaboration}",
	title         = "{Jet Charge Studies with the ATLAS Detector Using
	$\sqrt{s} = 8$ TeV Proton-Proton Collision Data}",
	institution   = "CERN",
	address       = "Geneva",
	number        = "ATLAS-CONF-2013-086",
	month         = "Aug",
	year          = "2013",
	reportNumber  = "ATLAS-CONF-2013-086",
	url           = "https://cds.cern.ch/record/1572980",
}

@techreport{ATL-PHYS-PUB-2014-004,
	author        = "{ATLAS Collaboration}",
	title         = "{Performance of Boosted W Boson Identification with the
	ATLAS Detector}",
	institution   = "CERN",
	address       = "Geneva",
	number        = "ATL-PHYS-PUB-2014-004",
	month         = "Mar",
	year          = "2014",
	reportNumber  = "ATL-PHYS-PUB-2014-004",
	url           = "https://cds.cern.ch/record/1690048",
}

@article{substruct_1510.05821,
	author         = "Aad, Georges and others",
	title          = "{Identification of boosted, hadronically decaying W
	bosons and comparisons with ATLAS data taken at $\sqrt{s}
	= 8$ TeV}",
	collaboration  = "ATLAS",
	journal        = "Eur. Phys. J.",
	volume         = "C76",
	year           = "2016",
	number         = "3",
	pages          = "154",
	doi            = "10.1140/epjc/s10052-016-3978-z",
	eprint         = "1510.05821",
	archivePrefix  = "arXiv",
	primaryClass   = "hep-ex",
	reportNumber   = "CERN-PH-EP-2015-204",
	SLACcitation   = "%%CITATION = ARXIV:1510.05821;%%"
}

@techreport{Adams:1700874,
	author        = "{Ada	ms, D et al.}",
	title         = "{Recommendations of the Physics Objects and Analysis
	Harmonisation Study Groups 2014}",
	institution   = "CERN",
	address       = "Geneva",
	number        = "ATL-COM-PHYS-2014-451",
	month         = "May",
	year          = "2014",
	reportNumber  = "ATL-COM-PHYS-2014-451",
	url           = "https://cds.cern.ch/record/1700874",
	note          = "Internal note"
}

@article{Thamm:2015csa,
	author         = "Thamm, Andrea and Torre, Riccardo and Wulzer, Andrea",
	title          = "{Composite Heavy Vector Triplet in the ATLAS Diboson
	Excess}",
	journal        = "Phys. Rev. Lett.",
	volume         = "115",
	year           = "2015",
	number         = "22",
	pages          = "221802",
	doi            = "10.1103/PhysRevLett.115.221802",
	eprint         = "1506.08688",
	archivePrefix  = "arXiv",
	primaryClass   = "hep-ph",
	reportNumber   = "DFPD-2015-TH-16, MITP-15-044",
	SLACcitation   = "%%CITATION = ARXIV:1506.08688;%%"
}

@article{helicity_paper,
	author        = "{ATLAS Collaboration}",
	title         = "{Study of the spin and parity of the Higgs boson in
	diboson decays with the ATLAS detector}",
	journal       = "Eur. Phys. J. C",
	collaboration = "ATLAS Collaboration",
	number        = "arXiv:1506.05669. CERN-PH-EP-2015-114",
	volume        = "75",
	pages         = "476. 36 p",
	month         = "Jun",
	year          = "2015",
	reportNumber  = "arXiv:1506.05669",
	url           = "https://cds.cern.ch/record/2026126"
}

@misc{meteo,
	author = "Finnish meteorological Institute",
	title = "Atmospheric pressure at the Kumpula meteorological station",
	year = "2018",
	url = "https://cdn.fmi.fi/fmiodata-convert-api/preview/81fb163b-821f-48aa-bf0f-e9654f560a69/?locale=en",
	note = "[Online; accessed 21-November-2018]"
}

@book{gas_detect,
	title="{Particle Detection with Drift Chambers}",
	author="{Blum, W.}",
	isbn="{9783540766834}",
	year="2008",
	publisher="{Springer}"
}

@article{charpak_high-resolution_1984,
	title = {High-{Resolution} {Electronic} {Particle} {Detectors}},
	volume = {34},
	issn = {0163-8998},
	url = {https://www.annualreviews.org/doi/10.1146/annurev.ns.34.120184.001441},
	doi = {10.1146/annurev.ns.34.120184.001441},
	number = {1},
	urldate = {2018-11-24},
	journal = {Annual Review of Nuclear and Particle Science},
	author = {Charpak, G and Sauli, F},
	month = dec,
	year = {1984},
	pages = {285--350},
}

@article{hendee_gasflow_1956,
	title = {Gas‐{Flow} {Proportional} {Counter} for {Soft} {X}‐{Ray} {Detection}},
	volume = {27},
	issn = {0034-6748},
	url = {https://aip.scitation.org/doi/abs/10.1063/1.1715624},
	doi = {10.1063/1.1715624},
	number = {7},
	urldate = {2018-11-24},
	journal = {Review of Scientific Instruments},
	author = {Hendee, C. F. and Fine, S. and Brown, W. B.},
	month = jul,
	year = {1956},
	pages = {531--535},
}

@article{Mindur:2017nqn,
      author         = "Mindur, Bartosz [ATLAS Collaboration]",
      title          = "{ATLAS Transition Radiation Tracker (TRT): Straw tubes
                        for tracking and particle identification at the Large
                        Hadron Collider}",
      booktitle      = "{Proceedings, 14th Vienna Conference on Instrumentation
                        (VCI 2016): Vienna, Austria, February 15-19, 2016}",
      collaboration  = "ATLAS",
      journal        = "Nucl. Instrum. Meth.",
      volume         = "A845",
      year           = "2017",
      pages          = "257-261",
      doi            = "10.1016/j.nima.2016.04.026",
      reportNumber   = "ATL-INDET-PROC-2016-001",
      SLACcitation   = "%%CITATION = NUIMA,A845,257;%%"
}

@misc{colliderscope,
	title = {The {Colliderscope}: a real-time show - {CERN} {Bulletin}},
	url = {https://cds.cern.ch/journal/CERNBulletin/2010/04/News%20Articles/1234569},
	urldate = {2018-11-24},
	file = {The Colliderscope\: a real-time show - CERN Bulletin:/home/fthiele/Documents/Zotero/storage/ZRCI4ZAL/1234569.html:text/html}
}

@article{can_paper,
	author         = "Alexander Winkler and Aneliya Karadzhinova and Timo Hildén and Francisco Garcia and Giacomo Fedi and Francesco Devoto and Erik J. Brücken",
	title          = "{A gaseous proportional counter built from a conventional aluminium beverage can}",
	journal        = "American Journal of Physics",
	volume         = "83",
	year           = "2015",
	doi            = "10.1119/1.4923022",
	eprint         = "1509.02379",
	archivePrefix  = "arXiv",
}